@article{rodriguez2005borges,
  title={Borges: fervor de Dante},
  author={Rodr{\'\i}guez Risquete, Francisco J},
  journal={{\copyright} Quaderns d'itali{\`a}, 2005, n{\'u}m. 10, p. 195-218},
  year={2005},
  publisher={Universitat Aut{\`o}noma de Barcelona}
}

@MISC{WEBSITE:1,
	HOWPUBLISHED = "\url{https://www.intramed.net/contenidover.asp?contenidoID=64290}",
	AUTHOR = "Martin de Ambrosio",
	TITLE = "Borges llegó a conclusiones geniales sobre la memoria",
	MONTH = "Feb",
	YEAR = "2010",
	NOTE = "Accesado el 18-07-2018"
}

@article{borges1995funes,
	title={Funes el memorioso},
	author={Borges, Jorge Luis},
	journal={Ficciones. Ed. Alianza},
	year={1995}
}

@MISC{zaid2004gondola,
	HOWPUBLISHED = "\url{https://www.letraslibres.com/mexico/teoria-la-gondola}",
	AUTHOR = "Gabriel Zaid",
	TITLE = "Teoría de la Góndola",
	MONTH = "Sep",
	YEAR = "2004",
	NOTE = "Accesado el 18-07-2018"
}

@MISC{TalebAforismos,
	HOWPUBLISHED = "\url{http://www.elmundo.es/papel/cultura/2018/04/01/5ac0a99de5fdea620d8b45ab.html}",
	AUTHOR = "Nassim Taleb",
	TITLE = "El lecho de Procusto",
	MONTH = "Abr",
	YEAR = "2018",
	NOTE = "Accesado el 18-07-2018"
}

@MISC{gatitos,
	HOWPUBLISHED = "\url{https://www.nytimes.com/2012/06/26/technology/in-a-big-network-of-computers-evidence-of-machine-learning.html}",
	AUTHOR = "John Markoff",
	TITLE = "How Many Computers to Identify a Cat? 16,000",
	MONTH = "Jun",
	YEAR = "2012",
	NOTE = "Accesado el 18-07-2018"
}

@MISC{iNaturalist,
	HOWPUBLISHED = "\url{https://en.wikipedia.org/wiki/INaturalist}",
	AUTHOR = "Wikipedia",
	TITLE = "iNaturalist",
	MONTH = "Jul",
	YEAR = "2018",
	NOTE = "Accesado el 18-07-2018"
}

@article{tishby2000information,
	title={The information bottleneck method},
	author={Tishby, Naftali and Pereira, Fernando C and Bialek, William},
	journal={arXiv preprint physics/0004057},
	year={2000}
}

@article{walchover2017new,
	title={New theory cracks open the black box of deep learning},
	author={Walchover, N},
	journal={Quanta Magazine},
	volume={3},
	year={2017}
}

@article{beck2015life,
	title={Life’s stories},
	author={Beck, Julie},
	journal={The Atlantic},
	year={2015}
}

@article{mcadams2013psychological,
	title={The psychological self as actor, agent, and author},
	author={McAdams, Dan P},
	journal={Perspectives on Psychological Science},
	volume={8},
	number={3},
	pages={272--295},
	year={2013},
	publisher={Sage Publications Sage CA: Los Angeles, CA}
}

@MISC{QuoteEducation,
	HOWPUBLISHED = "\url{https://quoteinvestigator.com/2014/09/07/forgotten/}",
	AUTHOR = "Garson O'Toole",
	TITLE = "Education Is What Remains After You Have Forgotten Everything You Learned In School",
	MONTH = "Sept",
	YEAR = "2014",
	NOTE = "Accesado el 18-07-2018"
}

@article{harlow1971psychology,
  title={Psychology. San Francisco},
  author={Harlow, H and McGaugh, JL and Thompson, RF},
  journal={Albion},
  year={1971}
}

@book{mach1898popular,
  title={Popular scientific lectures},
  author={Mach, Ernst},
  number={21},
  year={1898},
  publisher={Open court publishing company}
}

@article{zerzan2009number,
  title={Number: Its Origin and Evolution},
  author={Zerzan, John},
  journal={Earth: The Anarchist Library},
  year={2009}
}

@book{euler2012introduction,
  title={Introduction to the Analysis of the Infinite},
  author={Euler, Leonhard},
  year={2012},
  publisher={Springer Science \& Business Media}
}

@article{noether1921idealtheorie,
  title={Idealtheorie in ringbereichen},
  author={Noether, Emmy},
  journal={Mathematische Annalen},
  volume={83},
  number={1-2},
  pages={24--66},
  year={1921},
  publisher={Springer}
}

@book{davis2011renaissance,
	title={Renaissance People: Lives that Shaped the Modern Age},
	author={Davis, Robert Charles and Lindsmith, Beth},
	year={2011},
	publisher={J. Paul Getty Museum}
}

@article{cusa1984docta,
	title={La docta ignorancia},
	author={Cusa, Nicol{\'a}s de},
	journal={Orbis, Buenos Aires},
	year={1984}
}

@book{counet2000mathematiques,
	title={Math{\'e}matiques et dialectique chez Nicolas de Cuse},
	author={Counet, Jean-Michel},
	year={2000},
	publisher={Vrin}
}

@article{celeyrette2011mathematics,
	title={Mathematics and Theology: The Infinite in Nicholas of Cusa},
	author={Celeyrette, Jean},
	journal={Revue de m{\'e}taphysique et de morale},
	number={2},
	pages={151--165},
	year={2011},
	publisher={PUF}
}