@book{Auf,
  author = "Auffrey, J.-P.",
  year   = "1999",
  title  = "Einstein et Poincar\'e. Sur les traces de la relativit\'e",
  publisher = "Le Pommier-Fayard"
}

@book{Castaneda04,
  author = "Castañeda, P.",
  year   = "2004",
  title  = "Teoremas de Singularidades en Relatividad General",
  publisher = "Tesis de licenciatura, Fac. Ciencias, UNAM"
}

@article{Cho93,
  author = "Choptuik, M.W.",
  year   = "1993",
  title  = "Universality and scaling in gravitational collapse of massless scalar field",
  journal = "Phys. Rev. Lett.",
  volume  = "70",
  pages   = "9--12"
}

@article{CIM09,
  author = "Cisneros, L.A. and Ize, J. and Minzoni, A.A.",
  year = "2009",
  title = "Modulational and numerical solutions for the steady discrete sine-Gordon equation in two space dimensions",
  journal = "Phys. D",
  volume = "238",
  pages = "1229--1240"
}

@article{CetA,
  author = "Corichi, A. and Cruz-Pacheco, G. and Minzoni, A.A. and Padilla, P. and Rosenbaum, M. and Ryan Jr., M.P. and Smyth, N.F. and Vukasinac, T.",
  year = "2002",
  title = "Quantum collapse of a small dust shell",
  journal = "Phys. Rev. D",
  volume = "65",
  pages = "064006"
}

@book{DFN,
  author = "Dubrovin, B.A. and Fomenko, A.T. and Novikov, S.R.",
  year = "1992",
  title = "Modern Geometry - Methods and Applications. Part I",
  series = "Graduate Text in Mathematics",
  volume = "93",
  publisher = "Springer-Verlag",
  edition = "2nd Edition"
}

@book{EI,
  author = "Einstein, A. and Infeld, L.",
  year = "1993",
  title = "La evoluci\'on de la f\'{\i}sica",
  publisher = "Salvat editores"
}

@book{Koe,
  author = "Koestler, A.",
  year = "1981",
  title = "Los son\'ambulos",
  publisher = "Consejo Nacional de Ciencia y Tecnolog\'{\i}a"
}

@book{Minzoni78,
  author = "Minzoni, A.A.",
  year = "1978",
  title = "Tópicos en Ecuaciones Diferenciales Parciales",
  publisher = "Serie Verde: Notas, IIMAS-UNAM"
}

@article{MS97,
  author = "Minzoni, A.A and Smyth, N.F.",
  year = "1997",
  title = "A modulation solution of the signalling problem for the equation of self-induced transparency in the sine-Gordon limit",
  journal = "Methods Appl. Anal.",
  volume = "4",
  pages = "1--10"
}

@article{MSW04,
  author = "Minzoni, A.A. and Smyth, N.F. and Worthy, A.L.",
  year = "2004",
  title = "Evolution of two-dimensional standing and travelling breather solutions for the sine-Gordon equation",
  journal = "Phys. D",
  volume = "189",
  pages = "167--187"
}

@book{Wa,
  author = "Wald, R.",
  year = "1984",
  title = "General Relativity",
  publisher = "The University of Chicago Press"
}
